@misc{Aufgabenstellung,
    author = {Weibel,Hans},
    title = {{PA14\char`_wlan\char`_1: Projektarbeit im Fachgebiet Kommunikation}},
    howpublished = {Aufgabenstellung},
    month=sep,
    year={2014},
    institution={{Institute of Embedded Systems, ZHAW School of Engineering}},
}
@techreport{VA_HSR_Simulation,
    author = {Gemperli,Alfred},
    title = {{Vertiefungsarbeit: HSR Simulation mit OMNeT++}},
    month = jul,
    year={2011},
    institution={{Institute of Embedded Systems, ZHAW School of Engineering}},
}
@BOOK{Test,
   title = {Test-Titel},
   publisher = {Eigenvertrieb},
   year = {2007},
   author = {{Erwin Leibundgut},{Hans Muster}},
   edition = {1. Auflage},
   owner = {pleibundgut},
   timestamp = {2011.03.27}
}
@ONLINE{HSR_Konzept,
   author = "{Institute of Embedded Systems}",
   title = {HSR-Konzept {@\url{http://ines.zhaw.ch/de/engineering/institute-zentren/ines/forschung-und-entwicklung/high-availability/hsr.html}}},
   month = sep,
   year = {2014},
   institution={{Institute of Embedded Systems, ZHAW School of Engineering}},
   url = {\url{http://ines.zhaw.ch/fileadmin/user_upload/engineering/_Institute_und_Zentren/INES/Bilder/HSR/HSR-Konzept.png}},
   timestamp = {2014.09.24}
}

