@misc{Aufgabenstellung,
    author = {Weibel,Hans},
    title = {{PA14\char`_wlan\char`_1: Projektarbeit im Fachgebiet Kommunikation}},
    howpublished = {Aufgabenstellung},
    month=sep,
    year={2014},
    institution={{Institute of Embedded Systems, ZHAW School of Engineering}},
}
@techreport{VA_HSR_Simulation,
    author = {Gemperli,Alfred},
    title = {{Vertiefungsarbeit: HSR Simulation mit OMNeT++}},
    month = jul,
    year={2011},
    institution={{Institute of Embedded Systems, ZHAW School of Engineering}},
}
@BOOK{Test,
   title = {Test-Titel},
   publisher = {Eigenvertrieb},
   year = {2007},
   author = {{Erwin Leibundgut},{Hans Muster}},
   edition = {1. Auflage},
   owner = {pleibundgut},
   timestamp = {2011.03.27}
}
@ONLINE{HSR_Konzept,
   author = "{Institute of Embedded Systems}",
   title = {HSR-Konzept {@\url{http://ines.zhaw.ch/de/engineering/institute-zentren/ines/forschung-und-entwicklung/high-availability/hsr.html}}},
   month = sep,
   year = {2014},
   institution={{Institute of Embedded Systems, ZHAW School of Engineering}},
   url = {\url{http://ines.zhaw.ch/fileadmin/user_upload/engineering/_Institute_und_Zentren/INES/Bilder/HSR/HSR-Konzept.png}},
   timestamp = {2014.09.24}
}

@ONLINE{PRPHSR_Red_Ind_Eth,
   author = "{NetModule AG}",
   title = {Applying PRP and HSR Protocol for Redundant Industrial Ethernet {@\url{http://www.netmodule.com/en/technologies/interfaces_networks/IEC62439}}},
   month = sep,
   year = {2014},
   url = {\url{http://www.netmodule.com/en/technologies/interfaces_networks/IEC62439}},
   timestamp = {2014.09.30}
}

@ONLINE{IET_DRAFT_IETTF,
   author = "{IEEE 802.3br IET TF}",
   title = {Interspersing Express Traffic (IET) Baseline {@\url{http://www.ieee802.org/3/br/Baseline/8023-IET-TF-1405_Winkel-iet-Baseline-r3.pdf}}},
   month = jun,
   year = {2014},
   url = {\url{http://www.ieee802.org/3/br/Baseline/8023-IET-TF-1405_Winkel-iet-Baseline-r3.pdf}},
   timestamp = {2014.05.14}
}

@ONLINE{IET_DRAFT_SCHEDULE,
   author = "{IEEE 802.3br IET TF}",
   title = {Interspersing Express Traffic (IET) Schedule {@\url{http://www.ieee802.org/3/br/8023-IET-TF-1401_IET_schedule.pdf}}},
   month = jan,
   year = {2014},
   url = {\url{http://www.ieee802.org/3/br/8023-IET-TF-1401_IET_schedule.pdf}},
   timestamp = {2014.01.21}
}

@ONLINE{IET_DRAFT_PAR,
   author = "{IEEE 802.3br IET TF}",
   title = {Interspersing Express Traffic (IET) Project Authorization Request (PAR) {@\url{http://www.ieee802.org/3/br/P802d3br_PAR.pdf}}},
   month = sep,
   year = {2013},
   url = {\url{http://www.ieee802.org/3/br/P802d3br_PAR.pdf}},
   timestamp = {2013.09.13}
}
